<?xml version="1.0" encoding="utf-8"?>
<Document xmlns:xsd="http://www.w3.org/2001/XMLSchema" xmlns:xsi="http://www.w3.org/2001/XMLSchema-instance" xmlns="urn:iso:std:iso:20022:tech:xsd:pain.001.001.03">
  <CstmrCdtTrfInitn>
    <GrpHdr>
      <MsgId>TRF/20241219/122736</MsgId>
      <CreDtTm>2024-12-19T12:27:36</CreDtTm>
      <NbOfTxs>14</NbOfTxs>
      <CtrlSum>2243.22</CtrlSum>
      <InitgPty>
        <Nm>Bring Data Solutions, Lda</Nm>
        <Id>
          <PrvtId>
            <Othr>
              <Id>510933866</Id>
            </Othr>
          </PrvtId>
        </Id>
      </InitgPty>
    </GrpHdr>
    <PmtInf>
      <PmtInfId>20241219-122736</PmtInfId>
      <PmtMtd>TRF</PmtMtd>
      <NbOfTxs>14</NbOfTxs>
      <CtrlSum>2243.22</CtrlSum>
      <PmtTpInf>
        <SvcLvl>
          <Cd>SEPA</Cd>
        </SvcLvl>
        <CtgyPurp>
          <Cd>SALA</Cd>
        </CtgyPurp>
      </PmtTpInf>
      <ReqdExctnDt>2024-12-19</ReqdExctnDt>
      <Dbtr>
        <Nm>Bring Data Solutions, Lda</Nm>
        <PstlAdr>
          <Ctry>PT</Ctry>
        </PstlAdr>
      </Dbtr>
      <DbtrAcct>
        <Id>
          <IBAN>PT50003300004554236747205</IBAN>
        </Id>
        <Ccy>EUR</Ccy>
      </DbtrAcct>
      <DbtrAgt>
        <FinInstnId>
          <BIC>BCOMPTPL</BIC>
        </FinInstnId>
      </DbtrAgt>
      <ChrgBr>SLEV</ChrgBr>
      <CdtTrfTxInf>
        <PmtId>
          <EndToEndId>EUROTICKET</EndToEndId>
        </PmtId>
        <Amt>
          <InstdAmt Ccy="EUR">60.23</InstdAmt>
        </Amt>
        <CdtrAgt>
          <FinInstnId>
            <BIC>BESCPTPL</BIC>
          </FinInstnId>
        </CdtrAgt>
        <Cdtr>
          <Nm>HMSA</Nm>
          <PstlAdr>
            <Ctry>PT</Ctry>
          </PstlAdr>
        </Cdtr>
        <CdtrAcct>
          <Id>
            <IBAN>PT50000000000000000000115</IBAN>
          </Id>
        </CdtrAcct>
        <UltmtCdtr>
          <Nm>100000008</Nm>
        </UltmtCdtr>
        <Purp>
          <Cd>SALA</Cd>
        </Purp>
        <RmtInf>
          <Ustrd>Bring Data Solutions, Lda</Ustrd>
        </RmtInf>
      </CdtTrfTxInf>
      <CdtTrfTxInf>
        <PmtId>
          <EndToEndId>EUROTICKET</EndToEndId>
        </PmtId>
        <Amt>
          <InstdAmt Ccy="EUR">60.23</InstdAmt>
        </Amt>
        <CdtrAgt>
          <FinInstnId>
            <BIC>BESCPTPL</BIC>
          </FinInstnId>
        </CdtrAgt>
        <Cdtr>
          <Nm>KRAR</Nm>
          <PstlAdr>
            <Ctry>PT</Ctry>
          </PstlAdr>
        </Cdtr>
        <CdtrAcct>
          <Id>
            <IBAN>PT50000000000000000000117</IBAN>
          </Id>
        </CdtrAcct>
        <UltmtCdtr>
          <Nm>100000009</Nm>
        </UltmtCdtr>
        <Purp>
          <Cd>SALA</Cd>
        </Purp>
        <RmtInf>
          <Ustrd>Bring Data Solutions, Lda</Ustrd>
        </RmtInf>
      </CdtTrfTxInf>
      <CdtTrfTxInf>
        <PmtId>
          <EndToEndId>EUROTICKET</EndToEndId>
        </PmtId>
        <Amt>
          <InstdAmt Ccy="EUR">60.23</InstdAmt>
        </Amt>
        <CdtrAgt>
          <FinInstnId>
            <BIC>BESCPTPL</BIC>
          </FinInstnId>
        </CdtrAgt>
        <Cdtr>
          <Nm>GCSAP</Nm>
          <PstlAdr>
            <Ctry>PT</Ctry>
          </PstlAdr>
        </Cdtr>
        <CdtrAcct>
          <Id>
            <IBAN>PT50000000000000000000111</IBAN>
          </Id>
        </CdtrAcct>
        <UltmtCdtr>
          <Nm>100000006</Nm>
        </UltmtCdtr>
        <Purp>
          <Cd>SALA</Cd>
        </Purp>
        <RmtInf>
          <Ustrd>Bring Data Solutions, Lda</Ustrd>
        </RmtInf>
      </CdtTrfTxInf>
      <CdtTrfTxInf>
        <PmtId>
          <EndToEndId>EUROTICKET</EndToEndId>
        </PmtId>
        <Amt>
          <InstdAmt Ccy="EUR">60.23</InstdAmt>
        </Amt>
        <CdtrAgt>
          <FinInstnId>
            <BIC>BESCPTPL</BIC>
          </FinInstnId>
        </CdtrAgt>
        <Cdtr>
          <Nm>FPJ</Nm>
          <PstlAdr>
            <Ctry>PT</Ctry>
          </PstlAdr>
        </Cdtr>
        <CdtrAcct>
          <Id>
            <IBAN>PT50000000000000000000107</IBAN>
          </Id>
        </CdtrAcct>
        <UltmtCdtr>
          <Nm>100000004</Nm>
        </UltmtCdtr>
        <Purp>
          <Cd>SALA</Cd>
        </Purp>
        <RmtInf>
          <Ustrd>Bring Data Solutions, Lda</Ustrd>
        </RmtInf>
      </CdtTrfTxInf>
      <CdtTrfTxInf>
        <PmtId>
          <EndToEndId>EUROTICKET</EndToEndId>
        </PmtId>
        <Amt>
          <InstdAmt Ccy="EUR">60.23</InstdAmt>
        </Amt>
        <CdtrAgt>
          <FinInstnId>
            <BIC>BESCPTPL</BIC>
          </FinInstnId>
        </CdtrAgt>
        <Cdtr>
          <Nm>NMMJR</Nm>
          <PstlAdr>
            <Ctry>PT</Ctry>
          </PstlAdr>
        </Cdtr>
        <CdtrAcct>
          <Id>
            <IBAN>PT50000000000000000000122</IBAN>
          </Id>
        </CdtrAcct>
        <UltmtCdtr>
          <Nm>100000011</Nm>
        </UltmtCdtr>
        <Purp>
          <Cd>SALA</Cd>
        </Purp>
        <RmtInf>
          <Ustrd>Bring Data Solutions, Lda</Ustrd>
        </RmtInf>
      </CdtTrfTxInf>
      <CdtTrfTxInf>
        <PmtId>
          <EndToEndId>EUROTICKET</EndToEndId>
        </PmtId>
        <Amt>
          <InstdAmt Ccy="EUR">60.23</InstdAmt>
        </Amt>
        <CdtrAgt>
          <FinInstnId>
            <BIC>BESCPTPL</BIC>
          </FinInstnId>
        </CdtrAgt>
        <Cdtr>
          <Nm>VSS</Nm>
          <PstlAdr>
            <Ctry>PT</Ctry>
          </PstlAdr>
        </Cdtr>
        <CdtrAcct>
          <Id>
            <IBAN>PT50000000000000000000129</IBAN>
          </Id>
        </CdtrAcct>
        <UltmtCdtr>
          <Nm>100000015</Nm>
        </UltmtCdtr>
        <Purp>
          <Cd>SALA</Cd>
        </Purp>
        <RmtInf>
          <Ustrd>Bring Data Solutions, Lda</Ustrd>
        </RmtInf>
      </CdtTrfTxInf>
      <CdtTrfTxInf>
        <PmtId>
          <EndToEndId>EUROTICKET</EndToEndId>
        </PmtId>
        <Amt>
          <InstdAmt Ccy="EUR">60.23</InstdAmt>
        </Amt>
        <CdtrAgt>
          <FinInstnId>
            <BIC>BESCPTPL</BIC>
          </FinInstnId>
        </CdtrAgt>
        <Cdtr>
          <Nm>ABC</Nm>
          <PstlAdr>
            <Ctry>PT</Ctry>
          </PstlAdr>
        </Cdtr>
        <CdtrAcct>
          <Id>
            <IBAN>PT50000000000000000000101</IBAN>
          </Id>
        </CdtrAcct>
        <UltmtCdtr>
          <Nm>100000001</Nm>
        </UltmtCdtr>
        <Purp>
          <Cd>SALA</Cd>
        </Purp>
        <RmtInf>
          <Ustrd>Bring Data Solutions, Lda</Ustrd>
        </RmtInf>
      </CdtTrfTxInf>
      <CdtTrfTxInf>
        <PmtId>
          <EndToEndId>EUROTICKET</EndToEndId>
        </PmtId>
        <Amt>
          <InstdAmt Ccy="EUR">60.23</InstdAmt>
        </Amt>
        <CdtrAgt>
          <FinInstnId>
            <BIC>BESCPTPL</BIC>
          </FinInstnId>
        </CdtrAgt>
        <Cdtr>
          <Nm>DBR</Nm>
          <PstlAdr>
            <Ctry>PT</Ctry>
          </PstlAdr>
        </Cdtr>
        <CdtrAcct>
          <Id>
            <IBAN>PT50000000000000000000105</IBAN>
          </Id>
        </CdtrAcct>
        <UltmtCdtr>
          <Nm>100000003</Nm>
        </UltmtCdtr>
        <Purp>
          <Cd>SALA</Cd>
        </Purp>
        <RmtInf>
          <Ustrd>Bring Data Solutions, Lda</Ustrd>
        </RmtInf>
      </CdtTrfTxInf>
      <CdtTrfTxInf>
        <PmtId>
          <EndToEndId>EUROTICKET</EndToEndId>
        </PmtId>
        <Amt>
          <InstdAmt Ccy="EUR">60.23</InstdAmt>
        </Amt>
        <CdtrAgt>
          <FinInstnId>
            <BIC>BESCPTPL</BIC>
          </FinInstnId>
        </CdtrAgt>
        <Cdtr>
          <Nm>AEIF</Nm>
          <PstlAdr>
            <Ctry>PT</Ctry>
          </PstlAdr>
        </Cdtr>
        <CdtrAcct>
          <Id>
            <IBAN>PT50000000000000000000103</IBAN>
          </Id>
        </CdtrAcct>
        <UltmtCdtr>
          <Nm>100000002</Nm>
        </UltmtCdtr>
        <Purp>
          <Cd>SALA</Cd>
        </Purp>
        <RmtInf>
          <Ustrd>Bring Data Solutions, Lda</Ustrd>
        </RmtInf>
      </CdtTrfTxInf>
      <CdtTrfTxInf>
        <PmtId>
          <EndToEndId>EUROTICKET</EndToEndId>
        </PmtId>
        <Amt>
          <InstdAmt Ccy="EUR">60.23</InstdAmt>
        </Amt>
        <CdtrAgt>
          <FinInstnId>
            <BIC>BESCPTPL</BIC>
          </FinInstnId>
        </CdtrAgt>
        <Cdtr>
          <Nm>VMMB</Nm>
          <PstlAdr>
            <Ctry>PT</Ctry>
          </PstlAdr>
        </Cdtr>
        <CdtrAcct>
          <Id>
            <IBAN>PT50000000000000000000131</IBAN>
          </Id>
        </CdtrAcct>
        <UltmtCdtr>
          <Nm>100000016</Nm>
        </UltmtCdtr>
        <Purp>
          <Cd>SALA</Cd>
        </Purp>
        <RmtInf>
          <Ustrd>Bring Data Solutions, Lda</Ustrd>
        </RmtInf>
      </CdtTrfTxInf>
      <CdtTrfTxInf>
        <PmtId>
          <EndToEndId>EUROTICKET</EndToEndId>
        </PmtId>
        <Amt>
          <InstdAmt Ccy="EUR">60.23</InstdAmt>
        </Amt>
        <CdtrAgt>
          <FinInstnId>
            <BIC>BESCPTPL</BIC>
          </FinInstnId>
        </CdtrAgt>
        <Cdtr>
          <Nm>RACP</Nm>
          <PstlAdr>
            <Ctry>PT</Ctry>
          </PstlAdr>
        </Cdtr>
        <CdtrAcct>
          <Id>
            <IBAN>PT50000000000000000000123</IBAN>
          </Id>
        </CdtrAcct>
        <UltmtCdtr>
          <Nm>100000012</Nm>
        </UltmtCdtr>
        <Purp>
          <Cd>SALA</Cd>
        </Purp>
        <RmtInf>
          <Ustrd>Bring Data Solutions, Lda</Ustrd>
        </RmtInf>
      </CdtTrfTxInf>
      <CdtTrfTxInf>
        <PmtId>
          <EndToEndId>EUROTICKET</EndToEndId>
        </PmtId>
        <Amt>
          <InstdAmt Ccy="EUR">60.23</InstdAmt>
        </Amt>
        <CdtrAgt>
          <FinInstnId>
            <BIC>BESCPTPL</BIC>
          </FinInstnId>
        </CdtrAgt>
        <Cdtr>
          <Nm>TPR</Nm>
          <PstlAdr>
            <Ctry>PT</Ctry>
          </PstlAdr>
        </Cdtr>
        <CdtrAcct>
          <Id>
            <IBAN>PT50000000000000000000127</IBAN>
          </Id>
        </CdtrAcct>
        <UltmtCdtr>
          <Nm>100000014</Nm>
        </UltmtCdtr>
        <Purp>
          <Cd>SALA</Cd>
        </Purp>
        <RmtInf>
          <Ustrd>Bring Data Solutions, Lda</Ustrd>
        </RmtInf>
      </CdtTrfTxInf>
      <CdtTrfTxInf>
        <PmtId>
          <EndToEndId>EUROTICKET</EndToEndId>
        </PmtId>
        <Amt>
          <InstdAmt Ccy="EUR">60.23</InstdAmt>
        </Amt>
        <CdtrAgt>
          <FinInstnId>
            <BIC>BESCPTPL</BIC>
          </FinInstnId>
        </CdtrAgt>
        <Cdtr>
          <Nm>TJMA</Nm>
          <PstlAdr>
            <Ctry>PT</Ctry>
          </PstlAdr>
        </Cdtr>
        <CdtrAcct>
          <Id>
            <IBAN>PT50000000000000000000125</IBAN>
          </Id>
        </CdtrAcct>
        <UltmtCdtr>
          <Nm>100000013</Nm>
        </UltmtCdtr>
        <Purp>
          <Cd>SALA</Cd>
        </Purp>
        <RmtInf>
          <Ustrd>Bring Data Solutions, Lda</Ustrd>
        </RmtInf>
      </CdtTrfTxInf>
      <CdtTrfTxInf>
        <PmtId>
          <EndToEndId>EUROTICKET</EndToEndId>
        </PmtId>
        <Amt>
          <InstdAmt Ccy="EUR">60.23</InstdAmt>
        </Amt>
        <CdtrAgt>
          <FinInstnId>
            <BIC>BESCPTPL</BIC>
          </FinInstnId>
        </CdtrAgt>
        <Cdtr>
          <Nm>FRS</Nm>
        </Cdtr>
        <CdtrAcct>
          <Id>
            <IBAN>PT50000000000000000000109</IBAN>
          </Id>
        </CdtrAcct>
        <UltmtCdtr>
          <Nm>100000005</Nm>
        </UltmtCdtr>
        <Purp>
          <Cd>SALA</Cd>
        </Purp>
        <RmtInf>
          <Ustrd>Bring Data Solutions, Lda</Ustrd>
        </RmtInf>
      </CdtTrfTxInf>
    </PmtInf>
  </CstmrCdtTrfInitn>
</Document>
