<?xml version="1.0" encoding="utf-8"?>
<Document xmlns:xsd="http://www.w3.org/2001/XMLSchema" xmlns:xsi="http://www.w3.org/2001/XMLSchema-instance" xmlns="urn:iso:std:iso:20022:tech:xsd:pain.001.001.03">
  <CstmrCdtTrfInitn>
    <GrpHdr>
      <MsgId>TRF/20241219/122735</MsgId>
      <CreDtTm>2024-12-19T12:27:35</CreDtTm>
      <NbOfTxs>14</NbOfTxs>
      <CtrlSum>22581.23</CtrlSum>
      <InitgPty>
        <Nm>Bring Data Solutions, Lda</Nm>
        <Id>
          <PrvtId>
            <Othr>
              <Id>510933866</Id>
            </Othr>
          </PrvtId>
        </Id>
      </InitgPty>
    </GrpHdr>
    <PmtInf>
      <PmtInfId>20241219-122735</PmtInfId>
      <PmtMtd>TRF</PmtMtd>
      <NbOfTxs>14</NbOfTxs>
      <CtrlSum>22581.23</CtrlSum>
      <PmtTpInf>
        <SvcLvl>
          <Cd>SEPA</Cd>
        </SvcLvl>
        <CtgyPurp>
          <Cd>SALA</Cd>
        </CtgyPurp>
      </PmtTpInf>
      <ReqdExctnDt>2024-12-19</ReqdExctnDt>
      <Dbtr>
        <Nm>Bring Data Solutions, Lda</Nm>
        <PstlAdr>
          <Ctry>PT</Ctry>
        </PstlAdr>
      </Dbtr>
      <DbtrAcct>
        <Id>
          <IBAN>PT50003300004554236747205</IBAN>
        </Id>
        <Ccy>EUR</Ccy>
      </DbtrAcct>
      <DbtrAgt>
        <FinInstnId>
          <BIC>BCOMPTPL</BIC>
        </FinInstnId>
      </DbtrAgt>
      <ChrgBr>SLEV</ChrgBr>
      <CdtTrfTxInf>
        <PmtId>
          <EndToEndId>TRF/20241219/122735/1</EndToEndId>
        </PmtId>
        <Amt>
          <InstdAmt Ccy="EUR">24.30</InstdAmt>
        </Amt>
        <CdtrAgt>
          <FinInstnId>
            <BIC>BCOMPTPL</BIC>
          </FinInstnId>
        </CdtrAgt>
        <Cdtr>
          <Nm>HMSA</Nm>
          <PstlAdr>
            <Ctry>PT</Ctry>
          </PstlAdr>
        </Cdtr>
        <CdtrAcct>
          <Id>
            <IBAN>PT50000000000000000000116</IBAN>
          </Id>
        </CdtrAcct>
        <UltmtCdtr>
          <Nm>100000008</Nm>
        </UltmtCdtr>
        <Purp>
          <Cd>SALA</Cd>
        </Purp>
        <RmtInf>
          <Ustrd>Bring Data Solutions, Lda</Ustrd>
        </RmtInf>
      </CdtTrfTxInf>
      <CdtTrfTxInf>
        <PmtId>
          <EndToEndId>TRF/20241219/122735/2</EndToEndId>
        </PmtId>
        <Amt>
          <InstdAmt Ccy="EUR">41.58</InstdAmt>
        </Amt>
        <CdtrAgt>
          <FinInstnId>
            <BIC>BCOMPTPL</BIC>
          </FinInstnId>
        </CdtrAgt>
        <Cdtr>
          <Nm>KRAR</Nm>
          <PstlAdr>
            <Ctry>PT</Ctry>
          </PstlAdr>
        </Cdtr>
        <CdtrAcct>
          <Id>
            <IBAN>PT50000000000000000000118</IBAN>
          </Id>
        </CdtrAcct>
        <UltmtCdtr>
          <Nm>100000009</Nm>
        </UltmtCdtr>
        <Purp>
          <Cd>SALA</Cd>
        </Purp>
        <RmtInf>
          <Ustrd>Bring Data Solutions, Lda</Ustrd>
        </RmtInf>
      </CdtTrfTxInf>
      <CdtTrfTxInf>
        <PmtId>
          <EndToEndId>TRF/20241219/122735/3</EndToEndId>
        </PmtId>
        <Amt>
          <InstdAmt Ccy="EUR">82.67</InstdAmt>
        </Amt>
        <CdtrAgt>
          <FinInstnId>
            <BIC>ACTVPTPL</BIC>
          </FinInstnId>
        </CdtrAgt>
        <Cdtr>
          <Nm>GCSAP</Nm>
          <PstlAdr>
            <Ctry>PT</Ctry>
          </PstlAdr>
        </Cdtr>
        <CdtrAcct>
          <Id>
            <IBAN>PT50000000000000000000112</IBAN>
          </Id>
        </CdtrAcct>
        <UltmtCdtr>
          <Nm>100000006</Nm>
        </UltmtCdtr>
        <Purp>
          <Cd>SALA</Cd>
        </Purp>
        <RmtInf>
          <Ustrd>Bring Data Solutions, Lda</Ustrd>
        </RmtInf>
      </CdtTrfTxInf>
      <CdtTrfTxInf>
        <PmtId>
          <EndToEndId>TRF/20241219/122735/4</EndToEndId>
        </PmtId>
        <Amt>
          <InstdAmt Ccy="EUR">45.90</InstdAmt>
        </Amt>
        <CdtrAgt>
          <FinInstnId>
            <BIC>BCOMPTPL</BIC>
          </FinInstnId>
        </CdtrAgt>
        <Cdtr>
          <Nm>FPJ</Nm>
          <PstlAdr>
            <Ctry>PT</Ctry>
          </PstlAdr>
        </Cdtr>
        <CdtrAcct>
          <Id>
            <IBAN>PT50000000000000000000108</IBAN>
          </Id>
        </CdtrAcct>
        <UltmtCdtr>
          <Nm>100000004</Nm>
        </UltmtCdtr>
        <Purp>
          <Cd>SALA</Cd>
        </Purp>
        <RmtInf>
          <Ustrd>Bring Data Solutions, Lda</Ustrd>
        </RmtInf>
      </CdtTrfTxInf>
      <CdtTrfTxInf>
        <PmtId>
          <EndToEndId>TRF/20241219/122735/5</EndToEndId>
        </PmtId>
        <Amt>
          <InstdAmt Ccy="EUR">04.90</InstdAmt>
        </Amt>
        <CdtrAgt>
          <FinInstnId>
            <BIC>BESCPTPL</BIC>
          </FinInstnId>
        </CdtrAgt>
        <Cdtr>
          <Nm>NMMJR</Nm>
          <PstlAdr>
            <Ctry>PT</Ctry>
          </PstlAdr>
        </Cdtr>
        <CdtrAcct>
          <Id>
            <IBAN>PT50000000000000000000121</IBAN>
          </Id>
        </CdtrAcct>
        <UltmtCdtr>
          <Nm>100000011</Nm>
        </UltmtCdtr>
        <Purp>
          <Cd>SALA</Cd>
        </Purp>
        <RmtInf>
          <Ustrd>Bring Data Solutions, Lda</Ustrd>
        </RmtInf>
      </CdtTrfTxInf>
      <CdtTrfTxInf>
        <PmtId>
          <EndToEndId>TRF/20241219/122735/6</EndToEndId>
        </PmtId>
        <Amt>
          <InstdAmt Ccy="EUR">11.03</InstdAmt>
        </Amt>
        <CdtrAgt>
          <FinInstnId>
            <BIC>BCOMPTPL</BIC>
          </FinInstnId>
        </CdtrAgt>
        <Cdtr>
          <Nm>VSS</Nm>
          <PstlAdr>
            <Ctry>PT</Ctry>
          </PstlAdr>
        </Cdtr>
        <CdtrAcct>
          <Id>
            <IBAN>PT50000000000000000000130</IBAN>
          </Id>
        </CdtrAcct>
        <UltmtCdtr>
          <Nm>100000015</Nm>
        </UltmtCdtr>
        <Purp>
          <Cd>SALA</Cd>
        </Purp>
        <RmtInf>
          <Ustrd>Bring Data Solutions, Lda</Ustrd>
        </RmtInf>
      </CdtTrfTxInf>
      <CdtTrfTxInf>
        <PmtId>
          <EndToEndId>TRF/20241219/122735/7</EndToEndId>
        </PmtId>
        <Amt>
          <InstdAmt Ccy="EUR">03.74</InstdAmt>
        </Amt>
        <CdtrAgt>
          <FinInstnId>
            <BIC>CGDIPTPL</BIC>
          </FinInstnId>
        </CdtrAgt>
        <Cdtr>
          <Nm>ABC</Nm>
          <PstlAdr>
            <Ctry>PT</Ctry>
          </PstlAdr>
        </Cdtr>
        <CdtrAcct>
          <Id>
            <IBAN>PT50000000000000000000102</IBAN>
          </Id>
        </CdtrAcct>
        <UltmtCdtr>
          <Nm>100000001</Nm>
        </UltmtCdtr>
        <Purp>
          <Cd>SALA</Cd>
        </Purp>
        <RmtInf>
          <Ustrd>Bring Data Solutions, Lda</Ustrd>
        </RmtInf>
      </CdtTrfTxInf>
      <CdtTrfTxInf>
        <PmtId>
          <EndToEndId>TRF/20241219/122735/8</EndToEndId>
        </PmtId>
        <Amt>
          <InstdAmt Ccy="EUR">32.67</InstdAmt>
        </Amt>
        <CdtrAgt>
          <FinInstnId>
            <BIC>CCCMPTPL</BIC>
          </FinInstnId>
        </CdtrAgt>
        <Cdtr>
          <Nm>DBR</Nm>
          <PstlAdr>
            <Ctry>PT</Ctry>
          </PstlAdr>
        </Cdtr>
        <CdtrAcct>
          <Id>
            <IBAN>PT50000000000000000000106</IBAN>
          </Id>
        </CdtrAcct>
        <UltmtCdtr>
          <Nm>100000003</Nm>
        </UltmtCdtr>
        <Purp>
          <Cd>SALA</Cd>
        </Purp>
        <RmtInf>
          <Ustrd>Bring Data Solutions, Lda</Ustrd>
        </RmtInf>
      </CdtTrfTxInf>
      <CdtTrfTxInf>
        <PmtId>
          <EndToEndId>TRF/20241219/122735/9</EndToEndId>
        </PmtId>
        <Amt>
          <InstdAmt Ccy="EUR">33.00</InstdAmt>
        </Amt>
        <CdtrAgt>
          <FinInstnId>
            <BIC>TOTAPTPL</BIC>
          </FinInstnId>
        </CdtrAgt>
        <Cdtr>
          <Nm>AEIF</Nm>
          <PstlAdr>
            <Ctry>PT</Ctry>
          </PstlAdr>
        </Cdtr>
        <CdtrAcct>
          <Id>
            <IBAN>PT50000000000000000000104</IBAN>
          </Id>
        </CdtrAcct>
        <UltmtCdtr>
          <Nm>100000002</Nm>
        </UltmtCdtr>
        <Purp>
          <Cd>SALA</Cd>
        </Purp>
        <RmtInf>
          <Ustrd>Bring Data Solutions, Lda</Ustrd>
        </RmtInf>
      </CdtTrfTxInf>
      <CdtTrfTxInf>
        <PmtId>
          <EndToEndId>TRF/20241219/122735/10</EndToEndId>
        </PmtId>
        <Amt>
          <InstdAmt Ccy="EUR">98.63</InstdAmt>
        </Amt>
        <CdtrAgt>
          <FinInstnId>
            <BIC>CGDIPTPL</BIC>
          </FinInstnId>
        </CdtrAgt>
        <Cdtr>
          <Nm>VMMB</Nm>
          <PstlAdr>
            <Ctry>PT</Ctry>
          </PstlAdr>
        </Cdtr>
        <CdtrAcct>
          <Id>
            <IBAN>PT50000000000000000000132</IBAN>
          </Id>
        </CdtrAcct>
        <UltmtCdtr>
          <Nm>100000016</Nm>
        </UltmtCdtr>
        <Purp>
          <Cd>SALA</Cd>
        </Purp>
        <RmtInf>
          <Ustrd>Bring Data Solutions, Lda</Ustrd>
        </RmtInf>
      </CdtTrfTxInf>
      <CdtTrfTxInf>
        <PmtId>
          <EndToEndId>TRF/20241219/122735/11</EndToEndId>
        </PmtId>
        <Amt>
          <InstdAmt Ccy="EUR">81.63</InstdAmt>
        </Amt>
        <CdtrAgt>
          <FinInstnId>
            <BIC>TOTAPTPL</BIC>
          </FinInstnId>
        </CdtrAgt>
        <Cdtr>
          <Nm>RACP</Nm>
          <PstlAdr>
            <Ctry>PT</Ctry>
          </PstlAdr>
        </Cdtr>
        <CdtrAcct>
          <Id>
            <IBAN>PT50000000000000000000124</IBAN>
          </Id>
        </CdtrAcct>
        <UltmtCdtr>
          <Nm>100000012</Nm>
        </UltmtCdtr>
        <Purp>
          <Cd>SALA</Cd>
        </Purp>
        <RmtInf>
          <Ustrd>Bring Data Solutions, Lda</Ustrd>
        </RmtInf>
      </CdtTrfTxInf>
      <CdtTrfTxInf>
        <PmtId>
          <EndToEndId>TRF/20241219/122735/12</EndToEndId>
        </PmtId>
        <Amt>
          <InstdAmt Ccy="EUR">66.00</InstdAmt>
        </Amt>
        <CdtrAgt>
          <FinInstnId>
            <BIC>CGDIPTPL</BIC>
          </FinInstnId>
        </CdtrAgt>
        <Cdtr>
          <Nm>TPR</Nm>
          <PstlAdr>
            <Ctry>PT</Ctry>
          </PstlAdr>
        </Cdtr>
        <CdtrAcct>
          <Id>
            <IBAN>PT50000000000000000000128</IBAN>
          </Id>
        </CdtrAcct>
        <UltmtCdtr>
          <Nm>100000014</Nm>
        </UltmtCdtr>
        <Purp>
          <Cd>SALA</Cd>
        </Purp>
        <RmtInf>
          <Ustrd>Bring Data Solutions, Lda</Ustrd>
        </RmtInf>
      </CdtTrfTxInf>
      <CdtTrfTxInf>
        <PmtId>
          <EndToEndId>TRF/20241219/122735/13</EndToEndId>
        </PmtId>
        <Amt>
          <InstdAmt Ccy="EUR">70.07</InstdAmt>
        </Amt>
        <CdtrAgt>
          <FinInstnId>
            <BIC>MPIOPTPL</BIC>
          </FinInstnId>
        </CdtrAgt>
        <Cdtr>
          <Nm>TJMA</Nm>
          <PstlAdr>
            <Ctry>PT</Ctry>
          </PstlAdr>
        </Cdtr>
        <CdtrAcct>
          <Id>
            <IBAN>PT50000000000000000000126</IBAN>
          </Id>
        </CdtrAcct>
        <UltmtCdtr>
          <Nm>100000013</Nm>
        </UltmtCdtr>
        <Purp>
          <Cd>SALA</Cd>
        </Purp>
        <RmtInf>
          <Ustrd>Bring Data Solutions, Lda</Ustrd>
        </RmtInf>
      </CdtTrfTxInf>
      <CdtTrfTxInf>
        <PmtId>
          <EndToEndId>TRF/20241219/122735/14</EndToEndId>
        </PmtId>
        <Amt>
          <InstdAmt Ccy="EUR">85.11</InstdAmt>
        </Amt>
        <CdtrAgt>
          <FinInstnId>
            <BIC>BCOMPTPL</BIC>
          </FinInstnId>
        </CdtrAgt>
        <Cdtr>
          <Nm>FRS</Nm>
        </Cdtr>
        <CdtrAcct>
          <Id>
            <IBAN>PT50000000000000000000110</IBAN>
          </Id>
        </CdtrAcct>
        <UltmtCdtr>
          <Nm>100000005</Nm>
        </UltmtCdtr>
        <Purp>
          <Cd>SALA</Cd>
        </Purp>
        <RmtInf>
          <Ustrd>Bring Data Solutions, Lda</Ustrd>
        </RmtInf>
      </CdtTrfTxInf>
    </PmtInf>
  </CstmrCdtTrfInitn>
</Document>
